@INPROCEEDINGS{klein17,
author={R. {Klein} and T. {Celik}},
booktitle={2017 IEEE International Conference on Image Processing (ICIP)},
title={The {W}its {I}ntelligent {T}eaching {S}ystem: {D}etecting student engagement during lectures using {C}onvolutional {N}eural {N}etworks},
year={2017},
volume={},
number={},
pages={2856-2860},
doi={10.1109/ICIP.2017.8296804},
ISSN={2381-8549},
month={Sep.},}
@article{policygrad,
  author    = {Vincent Fran{\c{c}}ois{-}Lavet and
               Peter Henderson and
               Riashat Islam and
               Marc G. Bellemare and
               Joelle Pineau},
  title     = {An Introduction to Deep Reinforcement Learning},
  journal   = {CoRR},
  volume    = {abs/1811.12560},
  year      = {2018},
  url       = {http://arxiv.org/abs/1811.12560},
  archivePrefix = {arXiv},
  eprint    = {1811.12560},
  timestamp = {Mon, 03 Dec 2018 07:50:28 +0100},
  biburl    = {https://dblp.org/rec/journals/corr/abs-1811-12560.bib},
  bibsource = {dblp computer science bibliography, https://dblp.org}}
@book{sutton_barto_2018,
	place = {Cambridge, MA}, 
    title = {Reinforcement Learning: An Introduction}, 
    publisher = {The MIT Press}, 
    author = {Sutton, Richard S. and Barto, Andrew G.}, 
    year = {2018}
}
@inproceedings{janner2019trust,
  title={When to trust your model: Model-based policy optimization},
  author={Janner, Michael and Fu, Justin and Zhang, Marvin and Levine, Sergey},
  booktitle={Advances in Neural Information Processing Systems},
  pages={12498--12509},
  year={2019}
}
@article{moderndrl,
  title={Modern deep reinforcement learning algorithms},
  author={Ivanov, Sergey and D'yakonov, Alexander},
  journal={arXiv preprint arXiv:1906.10025},
  year={2019}
}